<record><leader>00000cas a2200000 a 4500</leader><controlfield tag="001">39553649</controlfield><controlfield tag="008">980727d195u1978cauwr ne      0    0eng c</controlfield><datafield ind1=" " ind2=" " tag="010"><subfield code="a">sn 98061406 </subfield></datafield><datafield ind1=" " ind2=" " tag="040"><subfield code="a">CNK</subfield><subfield code="b">eng</subfield><subfield code="c">CNK</subfield><subfield code="d">OCLCQ</subfield><subfield code="d">OCLCF</subfield><subfield code="d">OCLCO</subfield></datafield><datafield ind1="1" ind2=" " tag="029"><subfield code="a">AU@</subfield><subfield code="b">000014122481</subfield></datafield><datafield ind1=" " ind2=" " tag="042"><subfield code="a">pcc</subfield></datafield><datafield ind1=" " ind2=" " tag="043"><subfield code="a">n-us-ca</subfield></datafield><datafield ind1="0" ind2=" " tag="130"><subfield code="a">Imperial Valley weekly (El Centro, Calif. : 1956)</subfield></datafield><datafield ind1="1" ind2="0" tag="245"><subfield code="a">Imperial Valley weekly.</subfield></datafield><datafield ind1="1" ind2=" " tag="246"><subfield code="i">Published as:</subfield><subfield code="a">Imperial Valley weekly and Imperial enterprise</subfield><subfield code="f">&lt;July 11,1963&gt;-Sept. 12, 1963</subfield></datafield><datafield ind1=" " ind2=" " tag="260"><subfield code="a">El Centro, Calif. :</subfield><subfield code="b">Mrs. George E. Brown</subfield></datafield><datafield ind1=" " ind2=" " tag="300"><subfield code="a">v.</subfield></datafield><datafield ind1=" " ind2=" " tag="310"><subfield code="a">Weekly</subfield></datafield><datafield ind1="1" ind2=" " tag="362"><subfield code="a">Ceased in 1978.</subfield></datafield><datafield ind1=" " ind2=" " tag="588"><subfield code="a">Description based on: Vol. 49, no. 37 (May 31, 1956).</subfield></datafield><datafield ind1=" " ind2="0" tag="651"><subfield code="a">Imperial County (Calif.)</subfield><subfield code="v">Newspapers.</subfield></datafield><datafield ind1=" " ind2="7" tag="655"><subfield code="a">Newspapers.</subfield><subfield code="2">fast</subfield><subfield code="0">(OCoLC)fst01423814</subfield></datafield><datafield ind1=" " ind2="7" tag="651"><subfield code="a">California</subfield><subfield code="z">Imperial County.</subfield><subfield code="2">fast</subfield><subfield code="0">(OCoLC)fst01206056</subfield></datafield><datafield ind1=" " ind2=" " tag="752"><subfield code="a">United States</subfield><subfield code="b">California</subfield><subfield code="c">Imperial</subfield><subfield code="d">El Centro.</subfield></datafield><datafield ind1="0" ind2="7" tag="785"><subfield code="t">Imperial hometown review</subfield><subfield code="w">(DLC)sn 98061405</subfield></datafield><datafield ind1="0" ind2="7" tag="785"><subfield code="t">Imperial Valley weekly and Imperial hometown review</subfield><subfield code="w">(DLC)sn 78006145</subfield></datafield></record>